%%% -*-BibTeX-*-
%%% ====================================================================
%%% This is a collection of sample BibTeX entries that have been
%%% prettyprinted by bibclean, ordered by biborder, and sorted by
%%% bibsort.
%%%
%%% Bibliography tools available on *.math.utah.edu are documented
%%% by the standard Unix "man" command, and include at least these:
%%%
%%%     bibcheck
%%%     bibclean
%%%     bibdup
%%%     bibextract
%%%     bibjoin
%%%     biblabel
%%%     biblex
%%%     biborder
%%%     bibparse
%%%     bibsearch
%%%     bibsort
%%%     bibsplit
%%%     bibsql
%%%     bibtex
%%%     bibtosql
%%%     bibunlex
%%%
%%% [30-Mar-2016]
%%% ====================================================================

@Preamble{
 "\def \noopsort #1{}"
}

%%% ====================================================================
%%% Bibliography entries, sorted by citation key, with ``bibsort'':

@article{sandred2009revisiting,
  title={Revisiting the Illiac Suite--a rule-based approach to stochastic processes},
  author={Sandred, Orjan and Laurson, Mikael and Kuuskankare, Mika},
  journal={Sonic Ideas/Ideas Sonicas},
  volume={2},
  pages={42--46},
  year={2009}
}

@article{huang2018music,
  title={Music transformer},
  author={Huang, Cheng-Zhi Anna and Vaswani, Ashish and Uszkoreit, Jakob and Shazeer, Noam and Simon, Ian and Hawthorne, Curtis and Dai, Andrew M and Hoffman, Matthew D and Dinculescu, Monica and Eck, Douglas},
  journal={arXiv preprint arXiv:1809.04281},
  year={2018}
}

@inproceedings{engel2017neural,
  title={Neural audio synthesis of musical notes with wavenet autoencoders},
  author={Engel, Jesse and Resnick, Cinjon and Roberts, Adam and Dieleman, Sander and Norouzi, Mohammad and Eck, Douglas and Simonyan, Karen},
  booktitle={International Conference on Machine Learning},
  pages={1068--1077},
  year={2017},
  organization={PMLR}
}

@article{widmer2016getting,
  title={Getting closer to the essence of music: The con espressione manifesto},
  author={Widmer, Gerhard},
  journal={ACM Transactions on Intelligent Systems and Technology (TIST)},
  volume={8},
  number={2},
  pages={1--13},
  year={2016},
  publisher={ACM New York, NY, USA}
}