@article{wu2020deep,
  title={Deep Learning-based Low-dose Tomography Reconstruction with Hybrid-dose Measurements},
  author={Wu, Ziling and Bicer, Tekin and Liu, Zhengchun and De Andrade, Vincent and Zhu, Yunhui and Foster, Ian T},
  journal={arXiv preprint arXiv:2009.13589},
  year={2020}
}

@article{sandred2009revisiting,
  title={Revisiting the Illiac Suite--a rule-based approach to stochastic processes},
  author={Sandred, Orjan and Laurson, Mikael and Kuuskankare, Mika},
  journal={Sonic Ideas/Ideas Sonicas},
  volume={2},
  pages={42--46},
  year={2009}
}

@article{huang2018music,
  title={Music transformer},
  author={Huang, Cheng-Zhi Anna and Vaswani, Ashish and Uszkoreit, Jakob and Shazeer, Noam and Simon, Ian and Hawthorne, Curtis and Dai, Andrew M and Hoffman, Matthew D and Dinculescu, Monica and Eck, Douglas},
  journal={arXiv preprint arXiv:1809.04281},
  year={2018}
}

@inproceedings{engel2017neural,
  title={Neural audio synthesis of musical notes with wavenet autoencoders},
  author={Engel, Jesse and Resnick, Cinjon and Roberts, Adam and Dieleman, Sander and Norouzi, Mohammad and Eck, Douglas and Simonyan, Karen},
  booktitle={International Conference on Machine Learning},
  pages={1068--1077},
  year={2017},
  organization={PMLR}
}

@article{widmer2016getting,
  title={Getting closer to the essence of music: The con espressione manifesto},
  author={Widmer, Gerhard},
  journal={ACM Transactions on Intelligent Systems and Technology (TIST)},
  volume={8},
  number={2},
  pages={1--13},
  year={2016},
  publisher={ACM New York, NY, USA}
}

@article{friberg2006overview,
  title={Overview of the KTH rule system for musical performance},
  author={Friberg, Anders and Bresin, Roberto and Sundberg, Johan},
  journal={Advances in Cognitive Psychology},
  volume={2},
  number={2-3},
  pages={145--161},
  year={2006}
}

@book{briot2017deep,
  title={Deep learning techniques for music generation},
  author={Briot, Jean-Pierre and Hadjeres, Gaetan and Pachet, Francois-David},
  year={2020},
  publisher={Springer}
}

@article{oore2020time,
  title={This time with feeling: Learning expressive musical performance},
  author={Oore, Sageev and Simon, Ian and Dieleman, Sander and Eck, Douglas and Simonyan, Karen},
  journal={Neural Computing and Applications},
  volume={32},
  number={4},
  pages={955--967},
  year={2020},
  publisher={Springer}
}

@article{ji2020comprehensive,
  title={A Comprehensive Survey on Deep Music Generation: Multi-level Representations, Algorithms, Evaluations, and Future Directions},
  author={Ji, Shulei and Luo, Jing and Yang, Xinyu},
  journal={arXiv preprint arXiv:2011.06801},
  year={2020}
}

@article{vaswani2017attention,
  title={Attention is all you need},
  author={Vaswani, Ashish and Shazeer, Noam and Parmar, Niki and Uszkoreit, Jakob and Jones, Llion and Gomez, Aidan N and Kaiser, {\L}ukasz and Polosukhin, Illia},
  journal={Advances in neural information processing systems},
  volume={30},
  pages={5998--6008},
  year={2017}
}

@article{devlin2018bert,
  title={{Bert: Pre-training of deep bidirectional transformers for language understanding}},
  author={Devlin, Jacob and Chang, Ming-Wei and Lee, Kenton and Toutanova, Kristina},
  journal={arXiv preprint arXiv:1810.04805},
  year={2018}
}

@phdthesis{eduardo2018computational,
  title={Computational modeling of expressive music performance with linear and non-linear basis function models},
  author={Eduardo, Carlos},
  year={2018},
  school={JOHANNES KEPLER UNIVERSITY LINZ}
}

@article{widmer2009yqx,
  title={YQX plays Chopin},
  author={Widmer, Gerhard and Flossmann, Sebastian and Grachten, Maarten},
  journal={AI magazine},
  volume={30},
  number={3},
  pages={35--35},
  year={2009}
}

@article{moulieras2016maximum,
  title={Maximum entropy models for generation of expressive music},
  author={Moulieras, Simon and Pachet, Francois},
  journal={arXiv preprint arXiv:1610.03606},
  year={2016}
}

@article{giraldo2016machine,
  title={A machine learning approach to ornamentation modeling and synthesis in jazz guitar},
  author={Giraldo, Sergio and Ramirez, Rafael},
  journal={Journal of Mathematics and Music},
  volume={10},
  number={2},
  pages={107--126},
  year={2016},
  publisher={Taylor \& Francis}
}

@inproceedings{jeong2018virtuosonet,
  title={VirtuosoNet: A hierarchical attention RNN for generating expressive piano performance from music score},
  author={Jeong, Dasaem and Kwon, Taegyun and Nam, Juhan},
  booktitle={NeurIPS 2018 Workshop on Machine Learning for Creativity and Design},
  year={2018}
}

@inproceedings{jeong2019graph,
  title={Graph neural network for music score data and modeling expressive piano performance},
  author={Jeong, Dasaem and Kwon, Taegyun and Kim, Yoojin and Nam, Juhan},
  booktitle={International Conference on Machine Learning},
  pages={3060--3070},
  year={2019}
}

@inproceedings{jeong2019virtuosonet,
  title={VirtuosoNet: A Hierarchical RNN-based System for Modeling Expressive Piano Performance.},
  author={Jeong, Dasaem and Kwon, Taegyun and Kim, Yoojin and Lee, Kyogu and Nam, Juhan},
  booktitle={ISMIR},
  pages={908--915},
  year={2019}
}


@inproceedings{foscarin2020asap,
  title={ASAP: a dataset of aligned scores and performances for piano transcription},
  author={Foscarin, Francesco and Mcleod, Andrew and Rigaux, Philippe and Jacquemard, Florent and Sakai, Masahiko},
  booktitle={ISMIR 2020-21st International Society for Music Information Retrieval},
  year={2020}
}

@article{cancino2018computational,
  title={Computational models of expressive music performance: A comprehensive and critical review},
  author={Cancino-Chac{\'o}n, Carlos E and Grachten, Maarten and Goebl, Werner and Widmer, Gerhard},
  journal={Frontiers in Digital Humanities},
  volume={5},
  pages={25},
  year={2018},
  publisher={Frontiers}
}

@incollection{klapuri2006introduction,
  title={Introduction to music transcription},
  author={Klapuri, Anssi},
  booktitle={Signal processing methods for music transcription},
  pages={3--20},
  year={2006},
  publisher={Springer}
}

@article{wang2018glue,
  title={Glue: A multi-task benchmark and analysis platform for natural language understanding},
  author={Wang, Alex and Singh, Amanpreet and Michael, Julian and Hill, Felix and Levy, Omer and Bowman, Samuel R},
  journal={arXiv preprint arXiv:1804.07461},
  year={2018}
}

@article{brown2020language,
  title={Language models are few-shot learners},
  author={Brown, Tom B and Mann, Benjamin and Ryder, Nick and Subbiah, Melanie and Kaplan, Jared and Dhariwal, Prafulla and Neelakantan, Arvind and Shyam, Pranav and Sastry, Girish and Askell, Amanda and Agarwal, Sandhini and Herbert-Voss, Ariel and Krueger, Gretchen and Henighan, Tom and Child, Rewon and Ramesh, Aditya and M. Ziegler, Daniel and Wu, Jeffrey and Winter, Clemens and Hesse, Christopher and Chen, Mark and Sigler, Eric and Litwin, Mateusz and Gray, Scott and Chess, Benjamin and Clark, Jack and Berner, Christopher and McCandlish, Sam and Radford, Alec and Sutskever, Ilya and Amodei, Dario},
  journal={arXiv preprint arXiv:2005.14165},
  year={2020}
}

@article{krizhevsky2017imagenet,
  title={Imagenet classification with deep convolutional neural networks},
  author={Krizhevsky, Alex and Sutskever, Ilya and Hinton, Geoffrey E},
  journal={Communications of the ACM},
  volume={60},
  number={6},
  pages={84--90},
  year={2017},
  publisher={AcM New York, NY, USA}
}

@inproceedings{bahdanau2014neural,
  title={Neural machine translation by jointly learning to align and translate},
  author={Bahdanau, Dzmitry and Cho, Kyung Hyun and Bengio, Yoshua},
  booktitle={3rd International Conference on Learning Representations, ICLR 2015},
  year={2015}
}

@article{radford2019language,
  title={Language models are unsupervised multitask learners},
  author={Radford, Alec and Wu, Jeffrey and Child, Rewon and Luan, David and Amodei, Dario and Sutskever, Ilya},
  journal={OpenAI blog},
  volume={1},
  number={8},
  pages={9},
  year={2019}
}

@article{widmer2002machine,
  title={Machine discoveries: A few simple, robust local expression principles},
  author={Widmer, Gerhard},
  journal={Journal of New Music Research},
  volume={31},
  number={1},
  pages={37--50},
  year={2002},
  publisher={Taylor \& Francis}
}

@article{hawthorne2018enabling,
  title={Enabling factorized piano music modeling and generation with the MAESTRO dataset},
  author={Hawthorne, Curtis and Stasyuk, Andriy and Roberts, Adam and Simon, Ian and Huang, Cheng-Zhi Anna and Dieleman, Sander and Elsen, Erich and Engel, Jesse and Eck, Douglas},
  journal={arXiv preprint arXiv:1810.12247},
  year={2018}
}

@misc{the-disklavier-education-network, 
  title={2002 International Piano-e-Competition}, 
  url={https://www.yamahaden.com/midi-files/item/2002-international-piano-e-competition}, 
  journal={The Disklavier Education Network},
  note={Accessed: 2021-4-16}
}

@inproceedings{hawthorne2017onsets,
  author       = {Curtis Hawthorne and
                  Erich Elsen and
                  Jialin Song and
                  Adam Roberts and
                  Ian Simon and
                  Colin Raffel and
                  Jesse Engel and
                  Sageev Oore and
                  Douglas Eck},
  title        = {{Onsets and Frames: Dual-Objective Piano 
                   Transcription}},
  booktitle    = {{Proceedings of the 19th International Society for 
                   Music Information Retrieval Conference}},
  year         = 2018,
  pages        = {50-57},
  publisher    = {ISMIR},
  address      = {Paris, France},
  month        = sep,
  venue        = {Paris, France},
  doi          = {10.5281/zenodo.1492341},
  url          = {https://doi.org/10.5281/zenodo.1492341}
}

@article{oord2016wavenet,
  title={Wavenet: A generative model for raw audio},
  author={Oord, Aaron van den and Dieleman, Sander and Zen, Heiga and Simonyan, Karen and Vinyals, Oriol and Graves, Alex and Kalchbrenner, Nal and Senior, Andrew and Kavukcuoglu, Koray},
  journal={arXiv preprint arXiv:1609.03499},
  year={2016}
}

@inproceedings{nakamura2017performance,
  title={Performance Error Detection and Post-Processing for Fast and Accurate Symbolic Music Alignment.},
  author={Nakamura, Eita and Yoshii, Kazuyoshi and Katayose, Haruhiro},
  booktitle={ISMIR},
  pages={347--353},
  year={2017}
}

@article{flossmann2010magaloff,
  title={The Magaloff corpus: An empirical error study},
  author={Flossmann, Sebastian and Goebl, Werner and Widmer, Gerhard},
  journal={Proceedings of the 11th ICMPC. Seattle, Washington, USA},
  year={2010}
}

@phdthesis{grachten2006expressivity,
  title={Expressivity-aware tempo transformations of music performances using case based reasoning},
  school={Department of Technology of the Pompeu Fabra University},
  author={Grachten, Maarten},
  year={2006}

}

@software{neptune,  
  author = {{neptune.ai}},  
  title = {Neptune: experiment management and collaboration tool},  
  url = {https://neptune.ai},  
  year = {2020}
}

@inproceedings{jeong2019score,
  title={Score and performance features for rendering expressive music performances},
  author={Jeong, Dasaem and Kwon, Taegyun and Kim, Yoojin and Nam, Juhan},
  booktitle={Proc. of Music Encoding Conf},
  year={2019}
}

@book{goodfellow2016deep,
  title={Deep learning},
  author={Goodfellow, Ian and Bengio, Yoshua and Courville, Aaron and Bengio, Yoshua},
  volume={1},
  number={2},
  year={2016},
  publisher={MIT press, Cambridge, MA}
}

@article{chu2018survey,
  title={A survey of domain adaptation for neural machine translation},
  author={Chu, Chenhui and Wang, Rui},
  journal={arXiv preprint arXiv:1806.00258},
  year={2018}
}

@inproceedings{cho2014learning,
  title={Learning Phrase Representations using RNN Encoder-Decoder for Statistical Machine Translation},
  author={Cho, Kyunghyun and van Merrienboer, Bart and G{\"u}l{c}ehre, {C}aglar and Bahdanau, Dzmitry and Bougares, Fethi and Schwenk, Holger and Bengio, Yoshua},
  booktitle={EMNLP},
  year={2014}
}

@article{chaudhari2019attentive,
  title={An attentive survey of attention models},
  author={Chaudhari, Sneha and Polatkan, Gungor and Ramanath, Rohan and Mithal, Varun},
  journal={arXiv preprint arXiv:1904.02874},
  year={2019}
}

@inproceedings{peters2018deep,
  title={Deep Contextualized Word Representations},
  author={Peters, Matthew and Neumann, Mark and Iyyer, Mohit and Gardner, Matt and Clark, Christopher and Lee, Kenton and Zettlemoyer, Luke},
  booktitle={Proceedings of the 2018 Conference of the North American Chapter of the Association for Computational Linguistics: Human Language Technologies, Volume 1 (Long Papers)},
  pages={2227--2237},
  year={2018}
}

@article{dosovitskiy2020image,
  title={An image is worth 16x16 words: Transformers for image recognition at scale},
  author={Dosovitskiy, Alexey and Beyer, Lucas and Kolesnikov, Alexander and Weissenborn, Dirk and Zhai, Xiaohua and Unterthiner, Thomas and Dehghani, Mostafa and Minderer, Matthias and Heigold, Georg and Gelly, Sylvain and others},
  journal={arXiv preprint arXiv:2010.11929},
  year={2020}
}

@article{boulanger2012modeling,
  title={Modeling temporal dependencies in high-dimensional sequences: Application to polyphonic music generation and transcription},
  author={Boulanger-Lewandowski, Nicolas and Bengio, Yoshua and Vincent, Pascal},
  journal={arXiv preprint arXiv:1206.6392},
  year={2012}
}

@misc{payne_2020, 
  title={MuseNet}, 
  url={https://openai.com/blog/musenet/}, 
  journal={OpenAI}, 
  publisher={OpenAI}, 
  author={Payne, Christine McLeavey}, 
  year={2020}, 
  month={Nov}
}

@article{dhariwal2020jukebox,
  title={Jukebox: A generative model for music},
  author={Dhariwal, Prafulla and Jun, Heewoo and Payne, Christine and Kim, Jong Wook and Radford, Alec and Sutskever, Ilya},
  journal={arXiv preprint arXiv:2005.00341},
  year={2020}
}

@article{schubert2017algorithms,
  title={Algorithms can mimic human piano performance: the deep blues of music},
  author={Schubert, Emery and Canazza, Sergio and De Poli, Giovanni and Rod{\`a}, Antonio},
  journal={Journal of New Music Research},
  volume={46},
  number={2},
  pages={175--186},
  year={2017},
  publisher={Taylor \& Francis}
}

@article{grachten2012linear,
  title={Linear basis models for prediction and analysis of musical expression},
  author={Grachten, Maarten and Widmer, Gerhard},
  journal={Journal of New Music Research},
  volume={41},
  number={4},
  pages={311--322},
  year={2012},
  publisher={Taylor \& Francis}
}

@article{katayose2012evaluating,
  title={On evaluating systems for generating expressive music performance: the rencon experience},
  author={Katayose, Haruhiro and Hashida, Mitsuyo and De Poli, Giovanni and Hirata, Keiji},
  journal={Journal of New Music Research},
  volume={41},
  number={4},
  pages={299--310},
  year={2012},
  publisher={Taylor \& Francis}
}

@inproceedings{papineni2002bleu,
  title={Bleu: a method for automatic evaluation of machine translation},
  author={Papineni, Kishore and Roukos, Salim and Ward, Todd and Zhu, Wei-Jing},
  booktitle={Proceedings of the 40th annual meeting of the Association for Computational Linguistics},
  pages={311--318},
  year={2002}
}